<?xml version="1.0" encoding="UTF-8"?><collection xmlns="http://www.loc.gov/MARC21/slim"><record><leader>00501nam--2200181-i-4500</leader><controlfield tag="001">000034862</controlfield><controlfield tag="002">20161230</controlfield><controlfield tag="005">20161230201040</controlfield><controlfield tag="008">060222s1000------------r-----000-0-eng-d</controlfield><datafield ind1=" " ind2=" " tag="020"><subfield code="a">3540098453</subfield></datafield><datafield ind1=" " ind2=" " tag="080"><subfield code="a">538.935</subfield></datafield><datafield ind1="1" ind2=" " tag="100"><subfield code="a">Nag, B.R</subfield></datafield><datafield ind1="1" ind2="0" tag="245"><subfield code="a">Electron transport in compound semiconductors</subfield><subfield code="c">B.r. nag</subfield></datafield><datafield ind1=" " ind2=" " tag="260"><subfield code="a">Berlin</subfield><subfield code="b">Springer-verlag</subfield><subfield code="c">1980</subfield></datafield><datafield ind1=" " ind2=" " tag="300"><subfield code="a">XVI + 461P</subfield></datafield><datafield ind1=" " ind2=" " tag="490"><subfield code="a">Springer Series In Solid-state Sciences</subfield><subfield code="v">Vol.11</subfield></datafield><datafield ind1=" " ind2=" " tag="852"><subfield code="a">46526</subfield><subfield code="c">539.2</subfield></datafield><datafield ind1=" " ind2=" " tag="CAT"><subfield code="a">Sys</subfield><subfield code="c">20121029</subfield><subfield code="h">122715</subfield></datafield></record></collection>